@Article{Anderson+Vahid:1998,
  author = {H.M Anderson and F. Vahid},
  title = {Testing multiple equation systems for common nonlinear components},
  Journal = {Journal of Econometrics},
  year = {1998},
  volume = {84},
  number = {1},
  pages = {1--36},
  doi = {10.1016/S0304-4076(97)00076-6},
}

@Article{Angelini+Bacchiocchi+Caggiano+Fanelli:2019,
  author = {G. Angelini and E. Bacchiocchi and G. Caggiano and L. Fanelli},
  title = {Uncertainty across volatility regimes},
  Journal = {Journal of Applied Econometrics},
  year = {2019},
  volume = {34},
  number = {3},
  pages = {437--455},
  doi = {10.1002/jae.2672},
}

@misc{ACI:2023,
  author = {{American Academy of Actuaries} and {Canadian Institute of Actuaries} and {Casualty Actuarial Society} and {Society of Actuaries}},
  title = {Actuaries Climate Index},
  year = {2023},
  url = {https://actuariesclimateindex.org},
}

@book{Aomoto+Kita:2011,
  author    = {K. Aomoto and M. Kita},
  title     = {Theory of Hypergeometric Functions},
  publisher = {Springer-Verlag},
  year      = {2011},
  address   = {Tokyo},
  edition   = {1st},
  doi       = {10.1007/978-4-431-53938-4},
}

@Article{Auerbach+Gorodnichenko:2012,
  author = {A. J. Auerback and Y. Gorodnichenko},
  title = {Measuring the Output Responses to Fiscal Policy},
  Journal = {American Economic Journal: Economic Policy},
  year = {2012},
  volume = {4},
  number = {2},
  pages = {1--27},
  doi = {10.1257/pol.4.2.1},
}

@Article{Bacchiocchi+Castelnuovo+Fanelli:2016,
  author = {E. Bacchiocchi and E. Castelnuovo and L. Fanelli},
  title = {Gimme a Break! Identification and Estimation of the Macroeconomic Effects of Monetary Policy Shocks in the U.S.},
  Journal = {Melbourne Institute Working Paper No. 31/16},
  year = {2016},
  doi = {10.2139/ssrn.2851316},
}

@Article{Bacchiocchi+Fanelli:2015,
  author = {E. Bacchiocchi and L. Fanelli},
  title = {Identification in Structural Vector Autoregressive models with Structural Changes, with an Application to US Monetary policy},
  Journal = {Oxford Bulletin of Economics and Statistics},
  year = {2015},
  volume = {77},
  number = {6},
  pages = {761--779},
  doi = {10.1111/obes.12092},
}

@techreport{Baklanova+Copeland+McCaughrin:2015,
  author = {V. Baklanova and A. Copeland and R. McCaughrin},
  title = {Reference Guide to U.S. Repo and Securities Lending Markets, Staff Report No. 740},
  institution = {Federal Reserve Bank of New York},
  year = {2015},
  doi = {10.2139/ssrn.2664283},
}

@Article{BarndorffNielsen+Hansen+Lunde+Shephard:2008,
  author = {O. Barndorff-Nielsen and P. Hansen and A. Lunde and N. Shephard},
  title = {Designing Realized Kernels to Measure the ex post Variation of Equity Prices in the Presence of Noise},
  Journal = {Econometrica},
  year = {2008},
  volume = {76},
  number = {6},
  pages = {1481--1536},
  doi = {10.3982/ECTA6495},
}

@incollection{Barth+Ramey:2001,
  author = {M. J. Barth and V. A. Ramey},
  title = {The Cost Channel of Monetary Transmission},
  booktitle = {NBER Macroeconomics Annual},
  publisher = {MIT Press},
  year = {2001},
  editor = {B.  S.  Bernanke and K.  Rogoff},
  volume = {16},
  pages = {199--239},
  address = {Cambridge},
  doi = {10.1086/654443},
}


@Article{Bec+Rahbek+Shephard:2008,
  author = {F. Bec and A. Rahbek and N. Shephard},
  title = {The ACR Model: A Multivariate Dynamic Mixture Autoregression},
  Journal = {Oxford Bulletin of Economics and Statistics},
  year = {2008},
  volume = {70},
  number = {5},
  pages = {583-618},
  doi = {10.1111/j.1468-0084.2008.00512.x},
}

@Article{Bentarzi+Djeddou:2014,
  author = {M. Bentarzi and L. Djeddou},
  title = {On Mixture Periodic Vector Autoregressive Models},
  Journal = {Communications in Statistics - Simulation and Computation},
  year = {2014},
  volume = {43},
  number = {10},
  pages = {2325-2352},
  doi = {10.1080/03610918.2012.750353},
}

@Article{Blondel+Nesterov:2005,
  author = {V.D. Blondel and Y. Nesterov},
  title = {Computationally Efficient Approximations of the Joint Spectral Radius},
  Journal = {SIAM Journal on Matrix Analysis and Applications},
  year = {2005},
  volume = {27},
  number = {1},
  pages = {256-272},
  doi = {10.1137/040607009},
}

@Article{Bollerslev:1986,
  author = {T. Bollerslev},
  title = {Generalized Autoregressive Conditional Heteroskedasticity},
  Journal = {Journal of Econometrics},
  year = {1986},
  volume = {31},
  number = {3},
  pages = {307--327},
  doi = {10.1016/0304-4076(86)90063-1},
}

@Article{Bollerslev+Patton+Quaedvlieg:2016,
  author = {T. Bollerslev and A.J.  Patton and R.  Quaedvlieg},
  title = {Exploiting the errors: A simple approach for improved volatility forecasting},
  Journal = {Journal of Econometrics},
  year = {2016},
  volume = {192},
  number = {1},
  pages = {1-18},
  doi = {10.1016/j.jeconom.2015.10.007},
}

@Manual{Boshnakov+Ravagli:2021,
    title = {\pkg{mixAR}: Mixture Autoregressive Models},
    author = {G. N. Boshnakov and D. Ravagli},
    year = {2021},
    note = {R package version 0.22.5},
    url = {https://CRAN.R-project.org/package=mixAR},
}

@Article{Brobdingnag,
    title = {Very large numbers in R: Introducing package Brobdingnag},
    author = {R.K.S. Hankin},
    journal = {R News},
    year = {2007},
    volume = {7},
    number = {3},
}

@Article{Burgard+Neuenkirch+Nockel:2019,
  author = {J.P. Burgard and M. Neuenkirch and M. NÃ¶ckel},
  title = {State-Dependent Transmission of Monetary Policy in the Euro Area},
  Journal = {Journal of Money, Credit and Banking},
  year = {2019},
  volume = {51},
  number = {7},
  pages = {2053--2070},
  doi = {10.1111/jmcb.12592},
}

@Article{Buse:1982,
  author = {A. Buse},
  title = {The Likelihood Ratio, Wald, and Lagrange Multiplier Tests: An Expository Note},
  Journal = {The American Statistician},
  year = {1982},
  volume = {36},
  number = {3a},
  pages = {153--157},
  doi = {10.1080/00031305.1982.10482817},
}

@Article{Carriero+Marcellino+Tornese:2024,
  author = {A. Carriero and M. Marcellino and T. Tornese},
  title = {Blended identification in structural {VARs}},
  Journal = {Journal of Monetary Economics},
  year = {2024},
  volume = {146},
  pages = {{Article 103581}},
  doi = {10.1016/j.jmoneco.2024.103581},
}

@Article{Caggiano+Castelnuovo+Colombo+Nodari:2015,
  author = {G. Caggiano and E. Castelnuovo and V. Colombo and G. Nodari},
  title = {Estimating Fiscal Multipliers: News From A Non-linear World},
  Journal = {The Economic Journal},
  year = {2015},
  volume = {125},
  number = {584},
  pages = {746-776},
  doi = {10.1111/ecoj.12263},
}

@Article{Castelnuovo:2012,
  author = {E. Castelnuovo},
  title = {Testing the Structural Interpretation of the Price Puzzle with a Cost-Channel Model},
  Journal = {Oxford Bulletin of Economics and Statistics},
  year = {2012},
  volume = {74},
  number = {3},
  pages = {425--452},
  doi = {10.1111/j.1468-0084.2011.00658.x},
}

@Article{Castelnuovo:2016,
  author = {E. Castelnuovo},
  title = {Monetary policy shocks and Cholesky VARs: an assessment for the Euro area},
  Journal = {Empirical Economics},
  year = {2016},
  volume = {50},
  pages = {383--414},
  doi = {10.1007/s00181-015-0930-2},
}

@Article{Chan+Tong:1986,
  author = {K.S. Chan and H. Tong},
  title = {On estimating thresholds in autoregressive models},
  Journal = {Journal of Time Series Analysis},
  year = {1986},
  volume = {7},
  number = {3},
  pages = {179--190},
  doi = {10.1111/j.1467-9892.1986.tb00501.x},
}

@Article{Chang+Blondel:2013,
  author = {C-T. Chang and V.D. Blondel},
  title = {An experimental study of approximation algorithms for the joint spectral radius},
  Journal = {Numerical Algorithms},
  year = {2013},
  volume = {64},
  pages = {181--202},
  doi = {10.1007/s11075-012-9661-z},
}

@incollection{Christiano+Eichenbaum+Evans:1999,
  author = {L. J. Christiano and M. Eichenbaum and C. L. Evans},
  title = {Monetary policy shocks: What have we learned and to what end?},
  booktitle = {Handbook of Macroeconomics},
  publisher = {Elsevier Science B.V.},
  chapter = {2},
  volume = {1A},
  year = {1999},
  editor = {J. B. Taylor and M. Woodford},
  pages = {65--148},
  doi = {10.1016/S1574-0048(99)01005-8},
}


@Article{Christiano+Eichenbaum+Evans:2005,
  author = {L. J. Christiano and M. Eichenbaum and C. L. Evans},
  title = {Nominal Rigidities and the Dynamic Effects of a Shock to Monetary Policy},
  Journal = {Journal of Political Economy},
  year = {2005},
  volume = {113},
  number = {1},
  pages = {1--45},
  doi = {10.1086/426038},
}

@Article{Ding:2016,
  author = {P. Ding},
  title = {On the Conditional Distribution of the Multivariate $t$ Distribution},
  year = {2016},
  journal = {The American Statistician},
  volume = {70},
  number = {3},
  pages = {293--295},
  doi = {10.1080/00031305.2016.1164756},
}

@incollection{Dolado+MariaDolores:2006,
  author = {J. J. Dolado and R. Mar\'{i}a-Dolores},
  title = {State Asymmetries in the Effects of Monetary Policy Shocks on Output: Some New Evidence for the Euro-Area},
  booktitle = {Nonlinear Time Series Analysis of Business Cycles},
  publisher = {Emerald Publishing Limited},
  year = {2006},
  editor = {C. Milas and P. Rothman and D. van Dijk},
  pages = {311--331},
  doi = {10.1017/CBO9780511492488.003},
}

@Article{Dorsey+Mayer:1995,
  author = {R. Dorsey and W. Mayer},
  title = {Genetic algorithms for estimation problems with multiple optima, nondifferentiability, and other irregular features},
  year = {1995},
  journal = {Journal of Business and Economic Statistics},
  volume = {13},
  number = {1},
  pages = {53--66},
  doi = {10.1080/07350015.1995.10524579},
}


@Article{Engle:1982,
  author = {R. F.  Engle},
  title = {Autoregressive Conditional Heteroscedasticity with Estimates of the Variance of United Kingdom Inflation},
  year = {1982},
  journal = {Econometrica},
  volume = {50},
  number = {4},
  pages = {987--1007},
  doi = {10.2307/1912773},
}

@incollection{Engle:1984,
  author = {R. F.  Engle},
  title = {Wald, Likelihood Ratio, and Lagrange Multiplier Tests in Econometrics},
  booktitle = {Handbook of Econometrics},
  publisher = {Elsevier Science B.V.},
  year = {1984},
  editor = {Z. Griliches and M.D. Intriligator},
  volume = {2},
  chapter = {13},
  pages = {775--826},
  address = {Amsterdam},
  doi = {10.1016/S1573-4412(84)02005-5},
}

@Article{Fong+Li+Yau+Wong:2007,
  author = {P.W. Fong and W.K. Li and C.W. Yau and C.S.  Wong},
  title = {On a mixture vector autoregressive model},
  year = {2007},
  journal = {The Canadian Journal of Statistics},
  volume = {35},
  number = {1},
  pages = {135--150},
  doi = {10.1002/cjs.5550350112},
}

@Article{Galbraith+Galbraith:1974,
  author = {J. Galbraith and R. Galbraith},
  title = {On the inverses of some patterned matrices arising in the theory of stationary time series},
  year = {1974},
  journal = {Journal of Applies Probability},
  volume = {11},
  number = {1},
  pages = {63--71},
  doi = {10.2307/3212583},
}

@book{Gali:2015,
  author    = {J. GalÃ­},
  title     = {Monetary Policy, Inflation, and the Business Cycle},
  publisher = {Princeton University Press},
  year      = {2015},
  address   = {Princeton and Oxford},
  edition   = {2nd},
}


@Article{Garcia+Schaller:2002,
  author = {R. Garcia and H. Schaller},
  title = {Are the Effects of Monetary Policy Asymmetric?},
  year = {2002},
  journal = {Economic Inquiry},
  volume = {40},
  number = {1},
  pages = {102--119},
  doi = {10.1093/ei/40.1.102},
}

@Article{Gerlach+Lewis:2014,
  author = {S. Gerlach and J. Lewis},
  title = {ECB Reaction Functions and the Crisis of 2008},
  year = {2014},
  journal = {International Journal of Central Banking},
  volume = {10},
  number = {1},
  pages = {137-158},
}

@Manual{Ghalanos:2020,
    title = {\pkg{rugarch}: Univariate GARCH Models.},
    author = {Alexios Ghalanos},
    year = {2020},
    note = {R package version 1.4-4.},
}

@Article{Glasbey:2001,
  author = {C.A. Glasbey},
  title = {Non-linear autoregressive time series with multivariate Gaussian mixtures as marginal distributions},
  year = {2001},
  journal = {Journal of Royal Statistical Society: Series C},
  volume = {50},
  number = {2},
  pages = {143--154},
  doi = {10.1111/1467-9876.00225},
}

@Article{Goffe+Ferrier+Rogers:1994,
  author = {W.L. Goffe and G.D. Ferrier and J. Rogers},
  title = {Global optimization of statistical functions with simulated annealing},
  year = {1994},
  journal = {Journal of Econometrics},
  volume = {60},
  number = {1-2},
  pages = {65--99},
  doi = {10.1016/0304-4076(94)90038-8},
}

@Article{Gourieroux+Monfort+Renne:2017,
  author = {C. GouriÃ©roux and A. Monfort and J-P. Renne},
  title = {Statistical inference for independent component analysis: Application to structural VAR models},
  year = {2017},
  journal = {Journal of Econometrics},
  volume = {196},
  number = {1},
  pages = {111--126},
  doi = {10.1016/j.jeconom.2016.09.007},
}

@Article{Gripenberg:1996,
  author = {G. Gripenberg},
  title = {Computing the joint spectral radius},
  year = {1996},
  journal = {Linear algebra and its applications},
  volume = {234},
  pages = {43--60},
  doi = {10.1016/0024-3795(94)00082-4},
}

@Article{gsl,
    author = {R.K.S. Hankin and A. Clausen and D. Murdoch},
    title = {Special functions in R: introducing the gsl package},
    journal = {R News},
    year = {2006},
    month = {October},
    volume = {6},
    number = {4},
}

@Article{Hamilton:1989,
  author = {J. D. Hamilton},
  title = {A New Approach to the Economic Analysis of Nonstationary Time Series and the
Business Cycle},
  year = {1989},
  journal = {Econometrica},
  volume = {57},
  number = {2},
  pages = {357--384},
  doi = {10.2307/1912559},
}

@Article{Hamilton:1990,
  author = {J. D. Hamilton},
  title = {Analysis of time series subject to changes in regime},
  year = {1990},
  journal = {Journal of Econometrics},
  volume = {45},
  number = {1-2},
  pages = {39--70},
  doi = {10.1016/0304-4076(90)90093-9},
}

@Article{Hamilton:2018,
  author = {J. D. Hamilton},
  title = {WHY YOU SHOULD NEVER USE THE HODRICK-PRESCOTT FILTER},
  year = {2018},
  journal = {The Review of Economics and Statistics},
  volume = {100},
  number = {5},
  pages = {831-843},
  doi = {10.1162/rest_a_00706},
}

@Article{Hankin:2006,
    author = {R.K.S. Hankin},
    title = {Special Functions in R: Introducing the \pkg{gsl} Package},
    journal = {R News},
    year = {2006},
    month = {October},
    volume = {6},
    number = {4},
}

@Article{Hankin:2007,
    title = {Very Large Numbers in R: Introducing Package \pkg{Brobdingnag}},
    author = {R.K.S. Hankin},
    journal = {R News},
    year = {2007},
    volume = {7},
    number = {3},
}

@Article{Hansen:1994,
    title = {Autoregressive Conditional Density Estimation},
    author = {B. E. Hansen},
    journal = {International Economic Review},
    year = {1994},
    volume = {35},
    number = {3},
    pages = {705--730},
}

@phdthesis{Heracleous:2003,
    author   = {M. S. Heracleous},
    title    = {Volatility Modeling Using the Studentâs t Distribution},
    school   = {Virginia Tech},
    year     = {2003},
}

@Article{Herwartz+Lutkepohl:2014,
  author = {H. Herwartz and H. L{\"u}tkepohl},
  title = {Structural vector autoregressions with Markov switching: Combining conventional with statistical identification of shocks},
  year = {2014},
  journal = {Journal of Econometrics},
  volume = {183},
  number = {1},
  pages = {104--116},
  doi = {doi.org/10.1016/j.jeconom.2014.06.012},
}

@incollection{Heracleus+Spanos:2006,
  author = {M.S. Heracleous and A. Spanos},
  title = {Student's $t$ dynamic linear regression: re-examining volatility modeling},
  booktitle = {Econometric Analysis of Financial Time Series (Advances in Econometrics)},
  publisher = {Emerald Group Publishing Limited},
  year = {2006},
  editor = {D. Terrel and T.B, Fomby},
  volume = {20},
  chapter = {1},
  pages = {289--319},
  address = {Bingley},
  doi = {10.1016/S0731-9053(05)20017-8},
}

@Article{Holzmann+Munk+Gneiting:2006,
  author = {H. Holzmann and A. Munk and T. Gneiting},
  title = {Identifiability of finite mixtures of elliptical distributions},
  year = {2006},
  journal = {Scandinavian Journal of Statistics},
  volume = {33},
  number = {4},
  pages = {753-763},
  doi = {10.1111/j.1467-9469.2006.00505.x},
}

@Article{Hoppner+Melzer+Neumann:2008,
  author = {F.  HÃ¶ppner and C. Melzer and T. Neumann},
  title = {Changing effects of monetary policy in the US â evidence from a time-varying coefficient VAR},
  year = {2008},
  journal = {Applied Economics},
  volume = {40},
  number = {18},
  pages = {2353--2360},
  doi = {10.1080/00036840600970112},
}

@Article{Hubrich+Terasvirta:2013,
  author = {K. Hubrich and T. TerÃ¤svirta},
  title = {Thresholds and Smooth Transitions in Vector Autoregressive Models},
  year = {2013},
  journal = {CREATES Research Paper 2013-18, Aarhus University},
  url = {https://pure.au.dk/ws/files/54473123/rp13_18.pdf},
}

@Manual{Hyndman+Athanasopoulos+Bergmeir+Caceres+Chhay+O'Hara-Wild+Petropoulos+Razbash+Wang+Yasmeen:2021,
    title = {\pkg{forecast}: Forecasting Functions for Time Series and Linear Models},
    author = {R. Hyndman and G.  Athanasopoulos and C.  Bergmeir and G. Caceres and L. Chhay and M. O'Hara-Wild and F. Petropoulos and S. Razbash and E. Wang and F. Yasmeen},
    year = {2021},
    note = {R package version 8.15},
    url = {https://pkg.robjhyndman.com/forecast/},
}

@Manual{Jungers:2023,
    title = {The JSR toolbox (\url{https://www.mathworks.com/matlabcentral/fileexchange/33202-the-jsr-toolbox}), MATLAB Central File Exchange},
    author = {R. Jungers},
    year = {2023},
}


@Manual{Meitz+Preve+Saikkonen:2018,
  author = {M. Meitz and D. Preve and P. Saikkonen},
  title = {StMAR Toolbox: A MATLAB Toolbox for Student's t Mixture Autoregressive Models},
  year = {2018},
  doi = {10.2139/ssrn.3237368},
}



@Article{Kalliovirta:2012,
  author = {L. Kalliovirta},
  title = {Misspecification tests based on quantile residuals},
  year = {2012},
  journal = {The Econometrics Journal},
  volume = {15},
  number = {2},
  pages = {358--393},
  doi = {10.1111/j.1368-423X.2011.00364.x},
}

@Article{Kalliovirta+Malinen:2020,
  author = {L. Kalliovirta and T. Malinen},
  title = {Non-Linearity and Cross-Country Dependence of Income Inequality},
  year = {2020},
  journal = {The Review of Income and Wealth},
  volume = {66},
  number = {1},
  pages = {227--249},
  doi = {10.1111/roiw.12377},
}

@Article{Kalliovirta+Meitz+Saikkonen:2015,
  author = {L. Kalliovirta and M. Meitz and P. Saikkonen},
  title = {A Gaussian Mixture Autoregressive Model for Univariate Time Series},
  year = {2015},
  journal = {Journal of Time Series Analysis},
  volume = {36},
  number = {2},
  pages = {247--266},
  doi = {10.1111/jtsa.12108},
}

@Article{Kalliovirta+Meitz+Saikkonen:2016,
  author = {L. Kalliovirta and M. Meitz and P. Saikkonen},
  title = {Gaussian mixture vector autoregression},
  year = {2016},
  journal = {Journal of Econometrics},
  volume = {192},
  number = {2},
  pages = {465--498},
  doi = {10.1016/j.jeconom.2016.02.012},
}

@Article{Kalliovirta+Saikkonen:2010,
  author = {L. Kalliovirta and P. Saikkonen},
  title = {Reliable Residuals for Multivariate Nonlinear Time Series Models},
  year = {2010},
  journal = {Unpublished revision of HECER discussion paper No. 247},
  url = {https://blogs.helsinki.fi/lkvaisan/files/2010/08/ReliableResiduals.pdf},
}

@Article{Kaufmann+Scharler:2009,
  author = {S. Kaufmann and J. Scharler},
  title = {Financial systems and the cost channel transmission of monetary policy shocks},
  year = {2009},
  journal = {Economic Modelling},
  volume = {26},
  number = {1},
  pages = {40--46},
  doi = {10.1016/j.econmod.2008.05.002},
}


@book{Kilian+Lutkepohl:2017,
  author    = {L. Kilian and H. L{\"u}tkepohl},
  title     = {Structural Vector Autoregressive Analysis},
  publisher = {Cambridge University Press},
  year      = {2017},
  address   = {Cambridge},
  edition   = {1st},
  doi       = {10.1017/9781108164818},
}

@Article{Kim+Matthes+Phan:2022,
  author = {H.S. Kim and C. Matthess and T. Phan},
  title = {Severe Weather and the Macroeconomy},
  year = {2022},
  journal = {Working paper 21-14R, Federal Reserve Bank of Richmond},
  doi = {10.21144/wp21-14},
}


@Article{Kishor+Marfatia:2013,
  author = {N.K. Kishor and H.A. Marfatia},
  title = {Does federal funds futures rate contain information about the treasury bill rate?},
  year = {2013},
  journal = {Applied Financial Economics},
  volume = {23},
  number = {16},
  pages = {1311--1324},
  doi = {10.1080/09603107.2013.808397},
}

@Article{Kheifets+Saikkonen:2020,
  author = {I.L. Kheifets and P.J. Saikkonen},
  title = {Stationarity and ergodicity of vector STAR models},
  year = {2020},
  journal = {Econometric Reviews},
  volume = {39},
  number = {407--414},
  pages = {1311--1324},
  doi = {10.1080/07474938.2019.1651489},
}

@Article{Koop+Pesaran+Potter:1996,
  author = {G. Koop and M.H. Pesaran and S.M. Potter},
  title = {Impulse response analysis in nonlinear multivariate models},
  year = {1996},
  journal = {Journal of Econometrics},
  volume = {74},
  number = {1},
  pages = {119--147},
  doi = {10.1016/0304-4076(95)01753-4},
}

@incollection{Krolzig:1997,
  author = {H.-M. Krolzig},
  title = {Markov-Switching Vector Autoregressions - Modelling, Statistical Inference, and Application to Business Cycle Analysis
},
  booktitle = {Lecture Notes in Economcia and Mathematical Systems},
  publisher = {Springer Berlin, Heidelberg},
  year = {1997},
  editor = {H. Dawid and A. Kleine},
  volume = {454},
  chapter = {1},
  pages = {6--28},
  address = {Berlin},
  doi = {10.1007/978-3-642-51684-9},
}

@Article{Lanne+Lutkepohl:2010,
  author = {M. Lanne and H. L{\"u}tkepohl},
  title = {Structural Vector Autoregressions With Nonnormal Residuals},
  year = {2010},
  journal = {Journal of Business \& Economic Statistics},
  volume = {28},
  number = {1},
  pages = {159--168},
  doi = {10.1198/jbes.2009.06003},
}

@Article{Lanne+Lutkepohl+Maciejowska:2010,
  author = {M. Lanne and H. L{\"u}tkepohl and K. Maciejowska},
  title = {Structural vector autoregressions with Markov switching},
  year = {2010},
  journal = {Journal of Economic Dynamics and Control},
  volume = {34},
  number = {2},
  pages = {121--131},
  doi = {10.1016/j.jedc.2009.08.002},
}

@Article{Lanne+Meitz+Saikkonen:2017,
  author = {M. Lanne and M. Meitz and P. Saikkonen},
  title = {Identification and estimation of non-Gaussian structural vector autoregressions},
  year = {2017},
  journal = {Journal of Econometrics},
  volume = {196},
  number = {2},
  pages = {288--304},
  doi = {j.jeconom.2016.06.002},
}

@Article{Lanne+Nyberg:2016,
  author = {M. Lanne and H. Nyberg},
  title = {Generalized Forecast Error Variance Decomposition for Linear and Nonlinear Multivariate Models},
  year = {2016},
  journal = {Oxford Bulletin of Economics and Statistics},
  volume = {78},
  number = {4},
  pages = {595--603},
  doi = {10.1111/obes.12125},
}

@Article{Lanne+Saikkonen:2003,
  author = {M. Lanne and P. Saikkonen},
  title = {Modeling the U.S. Short-Term Interest Rate by Mixture Autoregressive Processes},
  year = {2003},
  journal = {Journal of Financial Econometrics},
  volume = {1},
  number = {1},
  pages = {96--125},
  doi = {10.1093/jjfinec/nbg004},
}

@Article{Lanne+Saikkonen:2007,
  author = {M. Lanne and P. Saikkonen},
  title = {A Multivariate Generalized Orthogonal Factor GARCH Model},
  year = {2007},
  journal = {Journal of Business \& Economic Statistics},
  volume = {25},
  number = {1},
  pages = {61--75},
  doi = {10.1198/073500106000000404},
}

@Article{Lanne+Virolainen:2024,
  author = {M. Lanne and S. Virolainen},
  title = {A {Gaussian} smooth transition vector autoregressive model: An application to the macroeconomic effects of severe weather shocks},
  year = {2025},
  journal = {Unpublished working paper, available as arXiv:2403.14216},
  doi = {10.48550/arXiv.2403.14216},
  url = {https://doi.org/10.48550/arXiv.2403.14216}
}

@Article{Le+Martin+Raftery:1996,
  author = {N. Le and R. Martin and A. Raftery},
  title = {Modeling Flat Stretches, Bursts, and Outliers in Time Series Using Mixture Transition Distribution Models},
  year = {1996},
  journal = {Journal of the American Statistical Association},
  volume = {91},
  number = {436},
  pages = {1504--1515},
  doi = {10.2307/2291576},
}

@Article{Lewis:2021,
  author = {D. Lewis},
  title = {Identifying Shocks via Time-Varying Volatility},
  year = {2021},
  journal = {The Review of Economic Studies},
  volume = {88},
  number = {6},
  pages = {3086--3124},
  doi = {10.1093/restud/rdab009},
}

@Article{Lewis:2022,
  author = {D. Lewis},
  title = {Robust Inference in Models Identified via Heteroskedasticity},
  year = {2022},
  journal = {The Review of Economics and Statistics},
  volume = {104},
  number = {3},
  pages = {510--524},
  doi = {10.1162/rest_a_00963},
}

@Article{Lo+Piger:2005,
  author = {M.C. Lo and J. Piger},
  title = {Is the Response of Output to Monetary Policy Asymmetric? Evidence from a Regime- Switching Coefficients Model},
  year = {2005},
  journal = {Journal of Money,  Credit and Banking},
  volume = {37},
  number = {5},
  pages = {865--886},
  doi = {10.1353/mcb.2005.0054},
}

@Manual{lpirfs,
    title = {lpirfs: Local Projections Impulse Response Functions},
    author = {Philipp AdÃ¤mmer},
    year = {2021},
    note = {R package version: 0.2.0},
    url = {https://CRAN.R-project.org/package=lpirfs},
}

@Article{Luukkonen+Saikkonen+Terasvirta:1988,
  author = {R. Luukkonen and P. Saikkonen and T. TerÃ¤svirta},
  title = {Testing Linearity Against Smooth Transition Autoregressive Models},
  year = {1988},
  journal = {Biometrika},
  volume = {75},
  number = {3},
  pages = {491--499},
  doi = {10.2307/2336599},
}

@book{Lutkepohl:2005,
  author    = {H. L{\"u}tkepohl},
  title     = {New Introduction to Multiple Time Series Analysis},
  publisher = {Springer},
  year      = {2005},
  address   = {Berlin},
  edition   = {1st},
  doi       = {10.1007/978-3-540-27752-1},
}

@Article{Lutkepohl+Meitz+Netsunajev+Saikkonen:2021,
  author = {H. L{\"u}tkepohl and M. Meitz and A. NetÅ¡unajev and P. Saikkonen},
  title = {Testing identification via heteroskedasticity in structural vector autoregressive models},
  year = {2021},
  journal = {The Econometrics Journal},
  volume = {24},
  number = {1},
  pages = {1--22},
  doi = {10.1093/ectj/utaa008},
}

@Article{Lutkepohl+Netsunajev:2014,
  author = {H. L{\"u}tkepohl and A. NetÅ¡unajev},
  title = {Disentangling Demand and Supply Shocks in the Crude Oil Market: How to Check Sign Restrictions in Structural VARs},
  year = {2014},
  journal = {Journal of Applied Econometrics},
  volume = {29},
  pages = {479--496},
  doi = {10.1002/jae.2330},
}

@Article{Lutkepohl+Netsunajev:2017,
  author = {H. L{\"u}tkepohl and A. NetÅ¡unajev},
  title = {Structural vector autoregressions with smooth transitions in variances},
  year = {2017},
  journal = {Journal of Economic Dynamics \& Control},
  volume = {84},
  pages = {43--57},
  doi = {10.1016/j.jedc.2017.09.001},
}

@Article{Lutkepohl+Schlaak:2018,
  author = {H. L{\"u}tkepohl and T. Schlaak},
  title = {Choosing Between Different Time-Varying Volatility Models for Structural Vector Autoregressive Analysis},
  year = {2018},
  journal = {Oxford Bulletin of Economics and Statistics},
  volume = {80},
  number = {4},
  pages = {715--735},
  doi = {10.1111/obes.12238},
}

@Article{Meitz+Preve+Saikkonen:2023,
  author = {M. Meitz and D. Preve and P. Saikkonen},
  title = {A mixture autoregressive model based on Student's $t$-distribution},
  year = {2023},
  volume = {52},
  number = {2},
  pages = {499--515},
  journal = {Communications in Statistics - Theory and Methods},
  doi = {10.1080/03610926.2021.1916531}
}

@Manual{Meitz+Preve+Saikkonen:2018,
  author = {M. Meitz and D. Preve and P. Saikkonen},
  title = {StMAR Toolbox: A MATLAB Toolbox for Student's t Mixture Autoregressive Models},
  year = {2018},
  doi = {10.2139/ssrn.3237368},
}

@Article{Meitz+Saikkonen:2021,
  author = {M. Meitz and P. Saikkonen},
  title = {Testing for observation-dependent regime switching in mixture autoregressive models},
  year = {2021},
  journal = {Journal of Econometrics},
  volume = {222},
  number = {1},
  pages = {601--624},
  doi = {10.1016/j.jeconom.2020.04.048},
}

@book{Meyn+Tweedie:2009,
  author    = {S. Meyn and R. Tweedie},
  title     = {Markov Chains and Stochastic Stability},
  publisher = {Cambridge University Press},
  year      = {2009},
  address   = {Cambridge},
  edition   = {2nd},
  doi       = {10.1017/CBO9780511626630},
}

@misc{MGDP:2023,
  author = {{Federal Reserve Bank of Chicago}},
  title = {Monthly GDP Growth Rate Data},
  year = {2023},
  url = {https://www.chicagofed.org/publications/bbki/index},
}

@techreport{Mishkin:1996,
  author = {F. S. Mishkin},
  title = {The channels of monetary transmission: lessons for monetary policy},
  institution = {National Bureau of Economic Research},
  series = {NBER Working Paper},
  type = {Working Paper},
  number = {5464},
  year = {1996},
  doi = {10.3386/w5464},
}

@Article{Monahan:1984,
  author = {J.F. Monahan},
  title = {A note on enforcing stationarity in autoregressive-moving average models},
  year = {1984},
  journal = {Biometrika},
  volume = {71},
  number = {2},
  pages = {403--404},
  doi = {10.1093/biomet/71.2.403},
}

@book{Muirhead:1982,
  author    = {R.J. Muirhead},
  title     = {Aspects of Multivariate Statistical Theory},
  publisher = {John Wiley \& Sons},
  year      = {1982},
  address   = {Hoboken, New Jersey},
  edition   = {1st},
  doi       = {10.1002/9780470316559},
}

@Book{Nash:1990,
  author = {J. Nash},
  title = {Compact Numerical Methods for Computers. Linear Algebra and Function Minimization},
  year = {1990},
  edition = {2nd},
  publisher = {Adam Hilger},
  address = {Bristol and New York},
  doi = {10.1201/9781315139784},
}

@Article{Netsunajev:2013,
  author = {A. Netsunajev},
  title = {Reaction to technology shocks in Markov-switching structural VARs: Identification via heteroskedasticity},
  year = {2013},
  journal = {Journal of Macroeconomics},
  volume = {36},
  pages = {51--62},
  doi = {doi.org/10.1016/j.jmacro.2012.12.005},
}

@Article{Normandin+Phaneuf:2004,
  author = {M. Normandin and L. Phaneuf},
  title = {Monetary policy shocks: Testing identification conditions under time-varying conditional volatility},
  year = {2004},
  journal = {Journal of Monetary Economics},
  volume = {51},
  number = {6},
  pages = {1217--1243},
  doi = {10.1016/j.jmoneco.2003.11.002},
}

@Article{Patnaik+Srinivas:1994,
  author = {L. Patnaik and M. Srinivas},
  title = {Adaptive Probabilities of Crossover and Mutation in Genetic Algorithms},
  year = {1994},
  journal = {Transactions on Systems, Man and Cybernetics},
  volume = {24},
  number = {4},
  pages = {656--667},
  doi = {10.1109/21.286385},
}

@Article{Patton:2011,
  author = {A.  Patton},
  title = {Volatility forecast comparison using imperfect volatility proxies},
  year = {2011},
  journal = {Journal of Econometrics},
  volume = {160},
  number = {1},
  pages = {246--256},
  doi = {10.1016/j.jeconom.2010.03.034},
}


@Article{Parrilo+Jadbabaie:2008,
  author = {P.A. Parrilo and A. Jadbabaie},
  title = {Approximation of the joint spectral radius using sum of squares},
  year = {2008},
  journal = {Linear Algebra and its Applications},
  volume = {428},
  number = {10},
  pages = {2385--2402},
  doi = {10.1016/j.laa.2007.12.027},
}

@incollection{Peersman+Smets:2002,
  author = {G. Peersman and F. Smets},
  title = {Are the effects of monetary policy in the euro area greater in recessions than in booms?},
  booktitle = {Monetary Transmission in Diverse Economies},
  publisher = {Cambridge University Press},
  year = {2002},
  editor = {L. Mahadeva and  P. Sinclair},
  pages = {28--48},
  doi = {10.1017/CBO9780511492488.003},
}

@Article{Pellegrino:2018,
  author = {G. Pellegrino},
  title = {Uncertainty and the real effects of monetary policy shocks in the Euro
area},
  year = {2018},
  journal = {Economics Letters},
  volume = {162},
  pages = {177--181},
  doi = {10.1016/j.econlet.2017.10.006},
}

@Article{Primiceri:2005,
  author = {G. Primiceri},
  title = {Time Varying Structural Vector Autoregressions and Monetary Policy},
  year = {2005},
  journal = {The Review of Economic Studies},
  volume = {72},
  number = {3},
  pages = {821--852},
  doi = {10.1111/j.1467-937X.2005.00353.x},
}


@phdthesis{Poudyal:2012,
    author   = {N. Poudyal},
    title    = {Confronting Theory with Data: the Case of DSGE Modeling},
    school   = {Virginia Tech},
    year     = {2012},
}

@incollection{Newey+McFadden:1994,
  author = {W.K. Newey and D. McFadden},
  title = {Large sample estimation and hyphothesis testing},
  booktitle = {Handbook of Econometrics},
  publisher = {Elsevier Science B.V.},
  year = {1994},
  editor = {R.F. Eagle and D.L. MacFadden},
  volume = {4},
  chapter = {36},
  doi = {10.1016/S1573-4412(05)80005-4},
}

@Manual{R,
  title = {R: A Language and Environment for Statistical Computing},
  author = {{R Core Team}},
  organization = {R Foundation for Statistical Computing},
  address = {Vienna, Austria},
  year = {2022},
  url = {https://www.R-project.org/},
}

@Manual{Rnormal,
  title = {R: A Language and Environment for Statistical Computing},
  author = {{R Core Team}},
  organization = {R Foundation for Statistical Computing},
  address = {Vienna, Austria},
  year = {2022},
  url = {https://www.R-project.org/},
}

@Article{Rabanal:2007,
  author = {P. Rabanal},
  title = {Does inflation increase after a monetary policy tightening? Answers based on an estimated DSGE model},
  year = {2007},
  journal = {Journal of Economic Dynamics and Control},
  volume = {31},
  number = {3},
  pages = {906--937},
  doi = {10.1016/j.jedc.2006.01.008},
}

@incollection{Ramey:2016,
  author = {V. A.  Ramey},
  title = {Macroeconomic Shocks and Their Propagation},
  booktitle = {Handbook of Macroeconomics},
  publisher = {Elsevier Science B.V.},
  year = {2016},
  editor = {J. B. Taylor and H. Uhlig},
  volume = {2},
  chapter = {2},
  doi = {10.1016/bs.hesmac.2016.03.003},
}

@Article{RangaRao:1962,
  author = {R. {Ranga Rao}},
  title = {Relations between Weak and Uniform Convergence of Measures with Applications},
  year = {1962},
  journal = {The Annals of Mathematical Statistics},
  volume = {33},
  number = {2},
  pages = {659--680},
  doi = {10.1214/aoms/117770458},
}

@Article{Ravenna+Walsh:2006,
  author = {F.  Ravenna and C. E.  Walsh},
  title = {Optimal monetary policy with the cost channel},
  year = {2006},
  journal = {Journal of Monetary Economics},
  volume = {53},
  number = {2},
  pages = {199-216},
  doi = {10.1016/j.jmoneco.2005.01.004},
}

@Article{Redner+Walker:1984,
  author = {R. Redner and H. Walker},
  title = {Mixture Densities, Maximum Likelihood and the Em Algorithm},
  year = {1984},
  journal = {Society for Industrial and Applied Mathematics},
  volume = {26},
  number = {2},
  pages = {195--239},
  doi = {10.1137/1026034},
}

@Article{Rehman:2014,
  author = {A. U. Rehman},
  title = {Relationship Between Energy Prices, Monetary Policy and Inflation; A Case Study of South Asian Economies},
  year = {2014},
  journal = {Journal of Central Banking Theory and Practice},
  volume = {3},
  number = {1},
  pages = {43-58},
  doi = {10.2478/jcbtp-2014-0004},
}

@Article{Rehman:2015,
  author = {A. U. Rehman},
  title = {Revival of Legacy of Tooke and Gibson: Implications for Monetary Policy},
  year = {2015},
  journal = {Journal of Central Banking Theory and Practice},
  volume = {4},
  number = {2},
  pages = {37-58},
  doi = {10.1515/jcbtp-2015-0008},
}

@Article{Rigobon:2003,
  author = {R. Rigobon},
  title = {Identification through Heteroskedasticity},
  year = {2003},
  journal = {The Review of Economics and Statistics},
  volume = {85},
  number = {4},
  pages = {777--792},
  doi = {10.1162/003465303772815727},
}

@Article{Saikkonen:2008,
  author = {P. Saikkonen},
  title = {Stability of Regime Switching Error Correction Models under Linear Cointegration},
  year = {2008},
  journal = {Econometric Theory},
  volume = {24},
  number = {1},
  pages = {294--318},
  doi = {10.1017/S0266466608080122},
}

@Article{Sarno+Thornton:2003,
  author = {L. Sarno and D.L. Thornton},
  title = {The dynamic relationship between the federal funds rate and the Treasury bill rate: An empirical investigation},
  year = {2003},
  journal = {Journal of Banking \& Finance},
  volume = {27},
  number = {6},
  pages = {1079--1110},
  doi = {10.1016/S0378-4266(02)00246-7},
}

@Article{Simon:1990,
  author = {D.P. Simon},
  title = {Expectations and the Treasury Bill-Federal Funds Rate Spread over Recent Monetary Policy Regimes},
  year = {1990},
  journal = {Journal of Finance},
  volume = {45},
  number = {2},
  pages = {567--577},
  doi = {10.1111/j.1540-6261.1990.tb03703.x},
}

@Article{Sims:1980,
  author = {A. Sims},
  title = {Macroeconomics and Reality},
  year = {1980},
  journal = {Econometrica},
  volume = {48},
  number = {1},
  pages = {1--48},
  doi = {10.2307/1912017},
}

@Article{Sims:1992,
  author = {A.S. Sims},
  title = {Interpreting the macroeconomic time series facts},
  year = {1992},
  journal = {European economic review},
  volume = {36},
  number = {5},
  pages = {975--1000},
  doi = {10.1016/0014-2921(92)90041-T},
}

@Manual{Solymos+Zawadzki:2020,
    title = {pbapply: Adding Progress Bar to '*apply' Functions},
    author = {P. Solymos and Z.  Zawadzki},
    year = {2020},
    note = {R package version 1.4-3},
    url = {https://CRAN.R-project.org/package=pbapply},
}

@Article{Smith+Dike+Stegmann:1995,
  author = {R.E. Smith and B.A. Dike and S.A. Stegmann},
  title = {Fitness inheritance in genetic algorithms},
  year = {1995},
  journal = {Proceedings of the 1995 ACM symbosium on Applied Computing},
  pages = {345--350},
  doi = {10.1145/315891.316014},
}

@Article{Spanos:1994,
  author = {A. Spanos},
  title = {On modeling heteroskedasticity: the Student's $t$ and elliptical linear regression models},
  year = {1994},
  journal = {Econometric Theory},
  volume = {10},
  number = {2},
  pages = {286--315},
  doi = {10.1017/S0266466600008422},
}

@Manual{sstvars,
    title = {sstvars: Toolkit for Structural Smooth Transition Vector Autoregressive models},
    author = {S. Virolainen},
    year = {2024},
    note = {R package version 1.1.4 available at GitHub: \url{https://github.com/saviviro/sstvars}},
    url = {https://github.com/saviviro/sstvars},
}

@Article{Tenreyro+Thwaites:2016,
  author = {S. Tenreyro and G. Thwaites},
  title = {Pushing on a String: US Monetary Policy Is Less Powerful in Recessions},
  year = {2016},
  journal = {American Economic Journal: Macroeconomics},
  volume = {8},
  number = {4},
  pages = {43--74},
  doi = {10.1257/mac.20150016},
}

@Article{Terasvirta:1994,
  author = {T. TerÃ¤svirta},
  title = {Specification, Estimation, and Evaluation of Smooth Transition Autoregressive Models},
  year = {1994},
  journal = {Journal of the American Statistical Association},
  volume = {89},
  number = {425},
  pages = {208--2187},
  doi = {10.2307/2291217},
}

@Article{Terasvirta+Yang:2014,
  author = {T. TerÃ¤svirta and Y. Yang},
  title = {Specification, Estimation and Evaluation of Vector Smooth Transition Autoregressive Models with Applications},
  year = {2014},
  journal = {CREATES Research Paper 2014-8, Aarhus University},
  url = {https://pure.au.dk/ws/portalfiles/portal/73308642/rp14_08.pdf},
}


@Article{Tsay:1998,
  author = {R.S. Tsay},
  title = {Testing and Modeling Multivariate Threshold Models},
  year = {1998},
  journal = {Journal of the American Statistical Association},
  volume = {93},
  number = {443},
  pages = {1188--1202},
  doi = {10.1080/01621459.1998.10473779},
}


@incollection{Uhlig:2005,
  author = {H. Uhlig},
  title = {What are the effects of monetary policy on output? Results from an agnostic identification procedure},
  year = {2005},
  journal = {Journal of Monetary Economics},
  volume = {52},
  number = {2},
  pages = {381--419},
  doi = {10.1016/j.jmoneco.2004.05.007},
}

@incollection{Uhlig:2017,
  author = {H. Uhlig},
  title = {Shocks, Sign Restrictions, and Identification},
  booktitle = {Advances in Economics and Econometrics},
  publisher = {Cambridge University Press},
  year = {2017},
  editor = {B. HonorÃ© and A. Pakes and M. Piazzesi and L. Samuelson},
  volume = {2},
  chapter = {4},
  doi = {10.1017/9781108227223.004},
}


@Manual{uGMAR,
    title = {uGMAR: Estimate Univariate Gaussian and Student's $t$ Mixture Autoregressive Models},
    author = {S. Virolainen},
    year = {2018},
    note = {R package version 3.4.2 available at CRAN: \url{https://CRAN.R-project.org/package=uGMAR}},
    url = {https://CRAN.R-project.org/package=uGMAR},
}

@Manual{gmvarkit,
    title = {gmvarkit: Estimate Gaussian and Student's $t$ Mixture Vector Autoregressive Models},
    author = {S. Virolainen},
    year = {2018},
    note = {R package version 2.1.0 available at CRAN: \url{https://CRAN.R-project.org/package=gmvarkit}},
    url = {https://CRAN.R-project.org/package=gmvarkit},
}

@Article{Virolainen2:2021,
  author = {S. Virolainen},
  title = {Structural Gaussian Mixture vector autoregressive model with application to the asymmetric effects of monetary policy shocks},
  year = {2021},
  journal = {Unpublished working paper, available as arXiv:2007.04713},
  url = {https://arxiv.org/abs/2007.04713},
}

@Article{Virolainen3:2021,
  author = {S. Virolainen},
  title = {Gaussian and Student's $t$ mixture vector autoregressive model with application to the asymmetric effects of monetary policy shocks in the Euro area},
  year = {2021},
  journal = {Unpublished working paper, available as arXiv:2109.13648},
  doi = {10.48550/arXiv.2109.13648},
  url = {https://doi.org/10.48550/arXiv.2109.13648}
}

@Article{Virolainen:2022,
  author = {S. Virolainen},
  title = {A mixture autoregressive model based on Gaussian and Student's $t$-distributions},
  year = {2022},
  journal = {Studies in Nonlinear Dynamics \& Econometrics},
  volume = {26},
  number = {4},
  pages = {559--580},
  doi = {10.1515/snde-2020-0060},
}

@phdthesis{Virolainen2:2022,
    author   = {S. Virolainen},
    title    = {Essays on mixture autoregressive models with applications to macroeconomics and finance},
    school   = {University of Helsinki},
    year     = {2022},
    url = {http://hdl.handle.net/10138/350319}
}

@Article{Virolainen:2025,
  author = {S. Virolainen},
  title = {A statistically identified structural vector autoregression with endogeneously switching volatility regime},
  year = {2025},
  volume = {43},
  number = {1},
  pages = {44--54},
  journal = {Journal of Business \& Economic Statistics},
  doi = {10.1080/07350015.2024.2322090},
}

@Article{Virolainen2:2024,
  author = {Virolainen},
  title = {Identification by {non-Gaussianity} in structural threshold and smooth transition vector autoregressive models},
  year = {2025},
  journal = {Unpublished working paper, available as arXiv:2404.19707},
}

@Article{Weise:1999,
  author = {C. Weise},
  title = {The Asymmetric Effects of Monetary Policy: A Nonlinear Vector Autoregression Approach},
  year = {1999},
  journal = {Journal of Money, Credit and Banking},
  volume = {31},
  number = {1},
  pages = {85--108},
  doi = {10.2307/2601141},
}


@Article{Wong+Chan+Kam:2009,
  author = {C.S. Wong and W.S. Chan and P.L. Kam},
  title = {A Student's $t$-mixture autoregressive model with applications to heavy-tailed financial data},
  year = {2009},
  journal = {Biometrika},
  volume = {96},
  number = {3},
  pages = {751--760},
  doi = {10.1093/biomet/asp031},
}

@Article{Wong+Li:2000,
  author = {C.S. Wong and W.K. Li},
  title = {On a mixture autoregressive model},
  year = {2000},
  journal = {Journal of the Royal Statistical Society},
  volume = {62},
  number = {1},
  pages = {95--115},
  doi = {10.1093/biomet/asp031},
}

@Article{Wong+Li:2001,
  author = {C.S. Wong and W.K. Li},
  title = {On a Mixture Autoregressive Conditional Heteroskedastic Model},
  year = {2001},
  journal = {Journal of the American Statistical Association},
  volume = {96},
  number = {455},
  pages = {982--995},
  doi = {10.2307/2670244},
}

@Article{Wong+Li2:2001,
  author = {C.S. Wong and W.K. Li},
  title = {On a logistic mixture autoregressive model},
  year = {2001},
  journal = {Biometrika},
  volume = {88},
  number = {3},
  pages = {833--846},
  doi = {10.1093/biomet/88.3.833},
}

@Article{Wu+Xia:2016,
  author = {J.C. Wu and F.D. Xia},
  title = {Measuring the Macroeconomic Impact of Monetary Policy at the Zero Lower Bound},
  year = {2016},
  journal = {Journal of Money, Credit and Banking},
  volume = {48},
  number = {2-3},
  pages = {253--291},
  doi = {10.1111/jmcb.12300},
}

@Manual{Wuertz+Chalabi+Boudt+Chausse+Miklovac:2020,
  title = {\pkg{fGarch}: Rmetrics - Autoregressive Conditional Heteroskedastic Modelling},
  author = {D. Wuertz and T. Setz and Y. Chalabi and C. Boudt and P. Chausse and M. Miklovac},
  year = {2020},
  note = {R package version 3042.83.2},
  url = {https://CRAN.R-project.org/package=fGarch},
}

@Article{Yule:1927,
  author = {G. U. Yule},
  title = {On a Method of Investigating Periodicities in Disturbed Series, with Special Reference to
Wolfer's Sunspot Numbers},
  year = {1927},
  journal = {Philosophical Transactions of the Royal Society London. Series A},
  volume = {226},
  series = {A},
  pages = {267--298},
}
